<?xml version="1.0" encoding="UTF-8"?><collection xmlns="http://www.loc.gov/MARC21/slim"><record><leader>00306nam--2200121-i-4500</leader><controlfield tag="001">000035005</controlfield><controlfield tag="002">20161230</controlfield><controlfield tag="005">20161230201040</controlfield><controlfield tag="008">060222s1000------------r-----000-0-eng-d</controlfield><datafield ind1=" " ind2=" " tag="245"><subfield code="a">New theoretical aspects</subfield></datafield><datafield ind1=" " ind2=" " tag="260"><subfield code="a">Berlin, Springer-verlag, 1975. 73p</subfield></datafield><datafield ind1=" " ind2=" " tag="490"><subfield code="a">Topics In Current Chemistry</subfield></datafield><datafield ind1=" " ind2=" " tag="852"><subfield code="a">45380</subfield></datafield></record></collection>